<record><leader>00000cas a22000007a 4500</leader><controlfield tag="001">13147107</controlfield><controlfield tag="008">860213d18661881ohuwr ne      0    0eng d</controlfield><datafield ind1=" " ind2=" " tag="010"><subfield code="a">sn 86079061 </subfield></datafield><datafield ind1=" " ind2=" " tag="040"><subfield code="a">NPU</subfield><subfield code="b">eng</subfield><subfield code="c">NPU</subfield><subfield code="d">ONP</subfield><subfield code="d">OCLCQ</subfield></datafield><datafield ind1=" " ind2=" " tag="042"><subfield code="a">msc</subfield></datafield><datafield ind1="0" ind2=" " tag="130"><subfield code="a">Wyandot Democratic union (Upper Sandusky, Ohio : 1866)</subfield></datafield><datafield ind1="1" ind2="4" tag="245"><subfield code="a">The Wyandot Democratic union.</subfield></datafield><datafield ind1=" " ind2=" " tag="260"><subfield code="a">Upper Sandusky, Ohio :</subfield><subfield code="b">R.D. Dumm,</subfield><subfield code="c">1866-1881.</subfield></datafield><datafield ind1=" " ind2=" " tag="300"><subfield code="a">v. :</subfield><subfield code="b">ill. (chiefly advertisements) ;</subfield><subfield code="c">72 cm.</subfield></datafield><datafield ind1=" " ind2=" " tag="310"><subfield code="a">Weekly</subfield></datafield><datafield ind1="0" ind2=" " tag="362"><subfield code="a">Vol. 9, no. 20 (Jan. 4, 1866)-v. 24, no. 35 (June 16, 1881).</subfield></datafield><datafield ind1=" " ind2=" " tag="500"><subfield code="a">Editor: L.A. Brunner, &lt;1873&gt;.</subfield></datafield><datafield ind1=" " ind2=" " tag="500"><subfield code="a">Published on Thursday.</subfield></datafield><datafield ind1=" " ind2=" " tag="752"><subfield code="a">United States</subfield><subfield code="b">Ohio</subfield><subfield code="c">Wyandot</subfield><subfield code="d">Upper Sandusky.</subfield></datafield><datafield ind1="0" ind2="0" tag="780"><subfield code="t">Democratic union (Upper Sandusky, Ohio : 1862)</subfield><subfield code="w">(DLC)sn 89075021</subfield></datafield><datafield ind1="0" ind2="0" tag="785"><subfield code="t">Wyandot union</subfield><subfield code="w">(DLC)sn 87076862</subfield></datafield><datafield ind1="1" ind2=" " tag="029"><subfield code="a">AU@</subfield><subfield code="b">000025810718</subfield></datafield></record>